@misc{Test1,
  author = {Author},
  title = {{Titel}},
  month = {Januar},
  year = {2020},
  howpublished = {\url{https://www.google.de}},
}